@Article{Koprinska2007,
  author    = {Irena Koprinska and Josiah Poon and James Clark and Jason Chan},
  journal   = {Information Sciences},
  title     = {Learning to classify e-mail},
  year      = {2007},
  month     = {may},
  number    = {10},
  pages     = {2167--2187},
  volume    = {177},
  comment   = {Referenzen mit weiteren Infos zur Klassifizierung von Mails (ggf. aus Nutzerseite)},
  doi       = {10.1016/j.ins.2006.12.005},
  groups    = {4 - Grundlagen, 6 - Recherche nach vergleichbaren Produkten und Forschungen},
  publisher = {Elsevier {BV}},
}

@Article{Thomas2006,
  author     = {Gail Fann Thomas and Cynthia L. King and Brian Baroni and Linda Cook and Marian Keitelman and Steve Miller and Adelia Wardle},
  journal    = {Journal of Business and Technical Communication},
  title      = {Reconceptualizing E-Mail Overload},
  year       = {2006},
  month      = jul,
  number     = {3},
  pages      = {252--287},
  volume     = {20},
  doi        = {10.1177/1050651906287253},
  groups     = {1.2 - Problemfeld und Folgen},
  priority   = {prio3},
  publisher  = {{SAGE} Publications},
  readstatus = {read},
}

@Article{Dawley2003,
  author     = {David D. Dawley and William P. Anthony},
  journal    = {Journal of Business and Technical Communication},
  title      = {User Perceptions of E-Mail at Work},
  year       = {2003},
  month      = apr,
  number     = {2},
  pages      = {170--200},
  volume     = {17},
  doi        = {10.1177/1050651902250947},
  groups     = {1.2 - Problemfeld und Folgen},
  priority   = {prio3},
  publisher  = {{SAGE} Publications},
  readstatus = {read},
}

@InCollection{Tregel2020,
  author    = {Thomas Tregel and Miriam Claudia Schwab and Thanh Tung Linh Nguyen and Philipp Niklas Müller and Stefan Göbel},
  booktitle = {Serious Games},
  publisher = {Springer International Publishing},
  title     = {Costs to Compete - Analyzing Pay to Win Aspects in Current Games},
  year      = {2020},
  pages     = {177--192},
  doi       = {10.1007/978-3-030-61814-8_14},
  groups    = {4.2 - Bezahlsysteme zur Schaffung von Vorteilen in Videospielen},
}

@Article{King2018,
  author    = {Daniel L. King and Paul H. Delfabbro},
  journal   = {International Journal of Mental Health and Addiction},
  title     = {Video Game Monetization (e.g., `Loot Boxes'): a Blueprint for Practical Social Responsibility Measures},
  year      = {2018},
  month     = {oct},
  number    = {1},
  pages     = {166--179},
  volume    = {17},
  doi       = {10.1007/s11469-018-0009-3},
  groups    = {4.2 - Bezahlsysteme zur Schaffung von Vorteilen in Videospielen, 7.1 - Auswahl von Bezahl- und Tokensystemen},
  publisher = {Springer Science and Business Media {LLC}},
}

@Article{Drummond2018,
  author    = {Aaron Drummond and James D. Sauer},
  journal   = {Nature Human Behaviour},
  title     = {Video game loot boxes are psychologically akin to gambling},
  year      = {2018},
  month     = {jun},
  number    = {8},
  pages     = {530--532},
  volume    = {2},
  doi       = {10.1038/s41562-018-0360-1},
  groups    = {4.2 - Bezahlsysteme zur Schaffung von Vorteilen in Videospielen, 7.1 - Auswahl von Bezahl- und Tokensystemen},
  publisher = {Springer Science and Business Media {LLC}},
}

@Article{LelonekKuleta2021,
  author    = {Bernadeta Lelonek-Kuleta and Rafa{\l} Piotr Bartczuk and Micha{\l} Wiechetek},
  journal   = {Computers in Human Behavior},
  title     = {Pay for play {\textendash} Behavioural patterns of pay-to-win gaming},
  year      = {2021},
  month     = {feb},
  pages     = {106592},
  volume    = {115},
  doi       = {10.1016/j.chb.2020.106592},
  groups    = {4.2 - Bezahlsysteme zur Schaffung von Vorteilen in Videospielen},
  publisher = {Elsevier {BV}},
}

@Book{Zisler2014,
  author    = {Zisler, Harald},
  publisher = {Rheinwerk Verlag},
  title     = {Computer-Netzwerke - Grundlagen, Funktionsweise, Anwendung},
  year      = {2014},
  address   = {Bonn},
  isbn      = {978-3-836-23479-5},
  groups    = {4.1 - Standards und Technologien zum E-Mail Versand},
}

@Book{Lagrana2016,
  author     = {Fernando Lagra{\~{n}}a},
  publisher  = {John Wiley {\&} Sons, Inc.},
  title      = {E-mail and Behavioral Changes},
  year       = {2016},
  month      = apr,
  doi        = {10.1002/9781119285106},
  groups     = {1.2 - Problemfeld und Folgen, 2 - Stakeholderanalyse},
  priority   = {prio2},
  readstatus = {read},
}

@Book{2019,
  publisher    = {Statista},
  title        = {E-Mail-Nutzung: Statista-Dossier zur E-Mail-Nutzung},
  year         = {2019},
  address      = {Hamburg},
  note         = {HBZ: HT019676386; Umfang: 1 Online-Ressource (89 S.); Quelldatenbank: DE-605; Online-Ressource [Kann nicht per Fernleihe bestellt werden!]; hbz Verbund-ID: HT019676386},
  abstract     = {Das vorliegende Dossier 'E-Mail-Nutzung' gibt Ihnen einen aufschlussreichen Überblick über die unterschiedlichen Aspekte des Themas. Neben Statistiken zur Verbreitung von E-Mail-Konten und zum Nutzerverhalten, informiert der Bericht über die mobile E-Mail-Nutzung und die Nutzung von E-Mails für das Marketing. Zudem enthält das Dossier ein Kapitel zum Thema Spam-Mails. Mit dem vorliegenden Statista-Dossier erhalten Sie einen schnellen Zugriff auf wichtige quantitative Fakten zum Thema 'E-Mail-Nutzung'},
  comment      = {Löschen sobald alle relevanten Primärquellen gefunden},
  file         = {Volltext:E\:/Thesis/study_id24350_e-mail-nutzung-statista-dossier.pdf:PDF},
  groups       = {1.1 - Kontext und Domäne, 13.4 - Ausblick, 2 - Stakeholderanalyse},
  howpublished = {online},
  keywords     = {E-Mails, E-Mail-Nutzung},
  priority     = {prio3},
  readstatus   = {read},
  type         = {book},
  url          = {https://de.statista.com/statistik/studie/id/24350/dokument/e-mail-nutzung-statista-dossier},
}

@Book{Karniyevich2016,
  author    = {Natallia Karniyevich},
  publisher = {Nomos Verlagsgesellschaft {mbH} {\&} Co. {KG}},
  title     = {Rechtssicherheit der Kommunikation durch E-Mail und De-Mail},
  year      = {2016},
  doi       = {10.5771/9783845275611},
  groups    = {5.1 - Anforderungen von Absendern, 5.2 - Anforderungen von Empfängern},
}

@InProceedings{Mark2016,
  author     = {Gloria Mark and Shamsi T. Iqbal and Mary Czerwinski and Paul Johns and Akane Sano and Yuliya Lutchyn},
  booktitle  = {Proceedings of the 2016 {CHI} Conference on Human Factors in Computing Systems},
  title      = {Email Duration, Batching and Self-interruption},
  year       = {2016},
  month      = may,
  publisher  = {{ACM}},
  doi        = {10.1145/2858036.2858262},
  groups     = {1.2 - Problemfeld und Folgen, 2 - Stakeholderanalyse},
  priority   = {prio2},
  readstatus = {read},
}

@Article{Szostek2011,
  author    = {Agnieszka Matysiak Sz{\'{o}}stek},
  journal   = {Computers in Human Behavior},
  title     = {`Dealing with My Emails': Latent user needs in email management.},
  year      = {2011},
  month     = {mar},
  number    = {2},
  pages     = {723--729},
  volume    = {27},
  doi       = {10.1016/j.chb.2010.09.019},
  groups    = {5.1 - Anforderungen von Absendern, 5.2 - Anforderungen von Empfängern, 1.3 - Forschungsfrage},
  publisher = {Elsevier {BV}},
}

@Article{Kruger2005,
  author     = {Justin Kruger and Nicholas Epley and Jason Parker and Zhi-Wen Ng},
  journal    = {Journal of Personality and Social Psychology},
  title      = {Egocentrism over e-mail: Can we communicate as well as we think?},
  year       = {2005},
  number     = {6},
  pages      = {925--936},
  volume     = {89},
  doi        = {10.1037/0022-3514.89.6.925},
  groups     = {1.2 - Problemfeld und Folgen, 2 - Stakeholderanalyse},
  priority   = {prio3},
  publisher  = {American Psychological Association ({APA})},
  readstatus = {read},
  url        = {https://www.researchgate.net/publication/7378566_Egocentrism_over_e-mail_Can_we_communicate_as_well_as_we_think},
}

@InProceedings{Tang2009,
  author     = {John C. Tang and Tara Matthews and Julian Cerruti and Stephen Dill and Eric Wilcox and Jerald Schoudt and Hernan Badenes},
  booktitle  = {Proceeding of the 2009 international workshop on Intercultural collaboration - {IWIC} {\textquotesingle}09},
  title      = {Global differences in attributes of email usage},
  year       = {2009},
  publisher  = {{ACM} Press},
  doi        = {10.1145/1499224.1499252},
  groups     = {1.1 - Kontext und Domäne, 2 - Stakeholderanalyse},
  priority   = {prio3},
  readstatus = {read},
}

@InProceedings{Dabbish2005,
  author     = {Laura A. Dabbish and Robert E. Kraut and Susan Fussell and Sara Kiesler},
  booktitle  = {Proceedings of the {SIGCHI} Conference on Human Factors in Computing Systems},
  title      = {Understanding email use},
  year       = {2005},
  month      = apr,
  publisher  = {{ACM}},
  comment    = {Empfänger müssen hervorgehobene Mails auch bearbeiten},
  doi        = {10.1145/1054972.1055068},
  groups     = {5.2 - Anforderungen von Empfängern, 1.1 - Kontext und Domäne},
  priority   = {prio2},
  readstatus = {read},
}

@InProceedings{Sarrafzadeh2019,
  author     = {Bahareh Sarrafzadeh and Ahmed Hassan Awadallah and Milad Shokouhi},
  booktitle  = {Proceedings of the 2019 Conference on Human Information Interaction and Retrieval},
  title      = {Exploring Email Triage},
  year       = {2019},
  month      = mar,
  publisher  = {{ACM}},
  doi        = {10.1145/3295750.3298960},
  groups     = {1.1 - Kontext und Domäne, 2 - Stakeholderanalyse},
  priority   = {prio2},
  readstatus = {read},
}

@Misc{SAEU2022,
  author       = {{Statistisches Amt der Europäischen Union}},
  howpublished = {Zugriff am 06.07.2022},
  note         = {Datensatz: TIN00094},
  title        = {Personen, die das Internet zum Senden/Empfangen von E-Mails genutzt haben},
  year         = {2022},
  groups       = {1.1 - Kontext und Domäne},
  priority     = {prio3},
  readstatus   = {read},
  url          = {https://ec.europa.eu/eurostat/databrowser/view/tin00094/default/table?lang=de},
}

@InProceedings{StatistischesBundesamt2021,
  author     = {{Statistisches Bundesamt}},
  booktitle  = {Private Haushalte in der Informationsgesellschaft – Nutzung von Informations- und Kommunikationstechnologien},
  title      = {Internetaktivitäten zu privaten Zwecken},
  year       = {2021},
  month      = jan,
  pages      = {15},
  groups     = {1.1 - Kontext und Domäne},
  priority   = {prio3},
  readstatus = {read},
  url        = {https://www.destatis.de/DE/Themen/Gesellschaft-Umwelt/Einkommen-Konsum-Lebensbedingungen/IT-Nutzung/Publikationen/Downloads-IT-Nutzung/private-haushalte-ikt-2150400207004.pdf?__blob=publicationFile},
}

@Article{EuropaeischeKommission2017,
  author     = {{Europäische Kommission}},
  journal    = {Amtsblatt der Europäischen Union},
  title      = {Delegierte Verordnung (EU) 2018/389 der Kommission vom 27. November 2017 zur Ergänzung der Richtlinie (EU) 2015/2366 des Europäischen Parlaments und des Rates durch technische Regulierungsstandards für eine starke Kundenauthentifizierung und für sichere offene Standards für die Kommunikation (Text von Bedeutung für den EWR. )},
  year       = {2017},
  month      = nov,
  pages      = {23 ff.},
  volume     = {69},
  groups     = {1.1 - Kontext und Domäne},
  priority   = {prio3},
  readstatus = {read},
  url        = {https://eur-lex.europa.eu/eli/reg_del/2018/389/oj},
}

@Misc{MMG2018,
  author       = {{1\&1 Mail \& Media GmbH}},
  howpublished = {Zugriff am 06.07.2022},
  month        = feb,
  title        = {Neuer Rekord: Deutsches E-Mail-Volumen steigt auf 848 Milliarden Mails},
  year         = {2018},
  groups       = {1.1 - Kontext und Domäne},
  priority     = {prio3},
  readstatus   = {read},
  url          = {https://newsroom.gmx.net/2019/02/28/neuer-rekord-deutsches-e-mail-volumen-steigt-auf-848-milliarden-mails/},
}

@Misc{MMG2020,
  author       = {{1\&1 Mail \& Media GmbH}},
  howpublished = {Zugriff am 06.07.2022},
  month        = nov,
  title        = {Studie: E-Mail ist bevorzugter Kanal für Kommunikation mit Unternehmen},
  year         = {2020},
  groups       = {1.1 - Kontext und Domäne},
  priority     = {prio3},
  readstatus   = {read},
  url          = {https://newsroom.web.de/2020/11/26/studie2020/},
}

@InProceedings{Dabbish2006,
  author     = {Laura A. Dabbish and Robert E. Kraut},
  booktitle  = {Proceedings of the 2006 20th anniversary conference on Computer supported cooperative work - {CSCW} {\textquotesingle}06},
  title      = {Email overload at work},
  year       = {2006},
  publisher  = {{ACM} Press},
  doi        = {10.1145/1180875.1180941},
  groups     = {1.1 - Kontext und Domäne},
  priority   = {prio3},
  readstatus = {skimmed},
}

@Article{Friedman2003,
  author     = {Raymond A. Friedman and Steven C. Currall},
  journal    = {Human Relations},
  title      = {Conflict Escalation: Dispute Exacerbating Elements of E-mail Communication},
  year       = {2003},
  month      = nov,
  number     = {11},
  pages      = {1325--1347},
  volume     = {56},
  doi        = {10.1177/00187267035611003},
  groups     = {1.2 - Problemfeld und Folgen},
  priority   = {prio3},
  publisher  = {{SAGE} Publications},
  readstatus = {read},
}

@Article{Eppler2004,
  author     = {Martin J. Eppler and Jeanne Mengis},
  journal    = {The Information Society},
  title      = {The Concept of Information Overload: A Review of Literature from Organization Science, Accounting, Marketing, {MIS}, and Related Disciplines},
  year       = {2004},
  month      = nov,
  number     = {5},
  pages      = {325--344},
  volume     = {20},
  doi        = {10.1080/01972240490507974},
  groups     = {1.2 - Problemfeld und Folgen},
  priority   = {prio1},
  publisher  = {Informa {UK} Limited},
  readstatus = {skimmed},
}

@Article{Vrijkotte2000,
  author     = {Tanja G. M. Vrijkotte and Lorenz J. P. van Doornen and Eco J. C. de Geus},
  journal    = {Hypertension},
  title      = {Effects of Work Stress on Ambulatory Blood Pressure, Heart Rate, and Heart Rate Variability},
  year       = {2000},
  month      = apr,
  number     = {4},
  pages      = {880--886},
  volume     = {35},
  doi        = {10.1161/01.hyp.35.4.880},
  groups     = {1.2 - Problemfeld und Folgen},
  priority   = {prio3},
  publisher  = {Ovid Technologies (Wolters Kluwer Health)},
  readstatus = {skimmed},
}

@InProceedings{Whittaker1996,
  author     = {Steve Whittaker and Candace Sidner},
  booktitle  = {Proceedings of the {SIGCHI} conference on Human factors in computing systems common ground - {CHI} {\textquotesingle}96},
  title      = {Email overload},
  year       = {1996},
  publisher  = {{ACM} Press},
  doi        = {10.1145/238386.238530},
  groups     = {1.1 - Kontext und Domäne},
  priority   = {prio3},
  readstatus = {skimmed},
}

@TechReport{ISO2015,
  author   = {{International Organization for Standardization}},
  title    = {{Systems and software engineering — System life cycle processes}},
  year     = {2015},
  address  = {Genf},
  month    = may,
  type     = {Norm},
  groups   = {1.1 - Kontext und Domäne},
  key      = {ISO 15288},
  priority = {prio3},
  school   = {International Organization for Standardization},
  url      = {https://www.iso.org/standard/63711.html},
  volume   = {1},
}

@Book{Schwenk2014,
  author    = {Jörg Schwenk},
  publisher = {Springer Fachmedien Wiesbaden},
  title     = {Sicherheit und Kryptographie im Internet},
  year      = {2014},
  doi       = {10.1007/978-3-658-06544-7},
  groups    = {4.1 - Standards und Technologien zum E-Mail Versand, 5.1 - Anforderungen von Absendern, 5.2 - Anforderungen von Empfängern},
}

@Book{Kurose2014,
  author    = {James F. Kurose and Keith W. Ross},
  publisher = {Pearson Higher Education},
  title     = {Computernetzwerke: Der Top-Down-Ansatz},
  year      = {2014},
  address   = {Hallbergmoos},
  isbn      = {978-3868942378},
  month     = mar,
  volume    = {6},
  groups    = {4.1 - Standards und Technologien zum E-Mail Versand},
}

@Article{Vleck2012,
  author    = {T. {Van Vleck}},
  journal   = {{IEEE} Annals of the History of Computing},
  title     = {Electronic Mail and Text Messaging in {CTSS}, 1965-1973},
  year      = {2012},
  month     = jan,
  number    = {1},
  pages     = {4--6},
  volume    = {34},
  doi       = {10.1109/mahc.2012.6},
  groups    = {4.1 - Standards und Technologien zum E-Mail Versand},
  publisher = {Institute of Electrical and Electronics Engineers ({IEEE})},
}

@Misc{Corbato1963,
  author       = {F. J. Corbato and M. M. Daggett and R. C. Daley and R. J. Creasy and J. D. Hellwig and R. H. Orenstein and L. K. Korn},
  howpublished = {The M.I.T. Computation Center},
  title        = {Compatible Time-Sharing System},
  year         = {1963},
  address      = {Cambridge, M.I.T. Press},
  groups       = {4.1 - Standards und Technologien zum E-Mail Versand},
  issuance     = {monographic},
  keywords     = {Compatible time-sharing system (Electronic computers)},
  lccn         = {63019793},
  oclc         = {1215128},
  publisher    = {Massachusetts Institute of Technology},
  source       = {DLC},
}

@InProceedings{Marill1966,
  author    = {Thomas Marill and Lawrence G. Roberts},
  booktitle = {Proceedings of the November 7-10, 1966, Fall joint computer conference on AFIPS},
  title     = {Toward a cooperative network of time-shared computers},
  year      = {1966},
  publisher = {{ACM} Press},
  doi       = {10.1145/1464291.1464336},
  groups    = {4.1 - Standards und Technologien zum E-Mail Versand},
}

@Article{Partridge2008,
  author    = {Craig Partridge},
  journal   = {{IEEE} Annals of the History of Computing},
  title     = {The Technical Development of Internet Email},
  year      = {2008},
  month     = apr,
  number    = {2},
  pages     = {3--29},
  volume    = {30},
  doi       = {10.1109/mahc.2008.32},
  groups    = {4.1 - Standards und Technologien zum E-Mail Versand},
  publisher = {Institute of Electrical and Electronics Engineers ({IEEE})},
}

@TechReport{RFC5322,
  author       = {Pete Resnick},
  title        = {{Internet Message Format}},
  year         = {2008},
  month        = oct,
  number       = {5322},
  doi          = {10.17487/RFC5322},
  groups       = {4.1 - Standards und Technologien zum E-Mail Versand},
  howpublished = {RFC 5322},
  pagetotal    = {57},
  publisher    = {RFC Editor},
  series       = {Request for Comments},
}

@TechReport{RFC5321,
  author       = {Dr. John Klensin},
  title        = {{Simple Mail Transfer Protocol}},
  year         = {2008},
  month        = oct,
  number       = {5321},
  doi          = {10.17487/RFC5321},
  groups       = {4.1 - Standards und Technologien zum E-Mail Versand},
  howpublished = {RFC 5321},
  pagetotal    = {95},
  publisher    = {RFC Editor},
  series       = {Request for Comments},
}

@TechReport{RFC821,
  author    = {Jonathan Postel},
  title     = {{Simple Mail Transfer Protocol}},
  year      = {1982},
  month     = aug,
  number    = {821},
  doi       = {10.17487/rfc0821},
  groups    = {4.1 - Standards und Technologien zum E-Mail Versand},
  howpublished = {RFC 821},
  pagetotal    = {67},
  publisher    = {RFC Editor},
  series       = {Request for Comments},
}

@TechReport{RFC385,
  author    = {Abhay Bhushan},
  title     = {{Comments on the File Transfer Protocol}},
  year      = {1972},
  month     = aug,
  number    = {385},
  doi       = {10.17487/rfc0385},
  groups    = {4.1 - Standards und Technologien zum E-Mail Versand},
  howpublished = {RFC 821},
  pagetotal    = {5},
  publisher    = {RFC Editor},
  series       = {Request for Comments},
}

@Comment{jabref-meta: databaseType:bibtex;}

@Comment{jabref-meta: grouping:
0 AllEntriesGroup:;
1 StaticGroup:1 - Einleitung\;0\;1\;0x00ffffff\;\;\;;
2 StaticGroup:1.1 - Kontext und Domäne\;0\;0\;0x00ffffff\;\;\;;
2 StaticGroup:1.2 - Problemfeld und Folgen\;0\;0\;0x00ffffff\;\;\;;
2 StaticGroup:1.3 - Forschungsfrage\;0\;1\;0x00ffffff\;\;\;;
2 StaticGroup:1.4 - Vorgehensweise\;0\;1\;0x00ffffff\;\;\;;
1 StaticGroup:2 - Stakeholderanalyse\;0\;0\;0x008080ff\;\;\;;
1 StaticGroup:3 - Formulierung der Zielhierarchie\;0\;1\;0x0000ffff\;\;\;;
1 StaticGroup:4 - Grundlagen\;0\;1\;0x000080ff\;\;\;;
2 StaticGroup:4.1 - Standards und Technologien zum E-Mail Versand\;0\;0\;0x000080ff\;\;\;;
2 StaticGroup:4.2 - Bezahlsysteme zur Schaffung von Vorteilen in Videospielen\;0\;1\;0x000080ff\;\;\;;
1 StaticGroup:5 - Definition von Nutzeranforderungen\;0\;1\;0xff00ffff\;\;\;;
2 StaticGroup:5.1 - Anforderungen von Absendern\;0\;1\;0xff00ffff\;\;\;;
2 StaticGroup:5.2 - Anforderungen von Empfängern\;0\;1\;0xff00ffff\;\;\;;
1 StaticGroup:6 - Recherche nach vergleichbaren Produkten und Forschungen\;0\;1\;0x800080ff\;\;\;;
1 StaticGroup:7 - Inhaltliche Konzeption des Systems\;0\;1\;0xff0000ff\;\;\;;
2 StaticGroup:7.1 - Auswahl von Bezahl- und Tokensystemen\;0\;1\;0xff0000ff\;\;\;;
2 StaticGroup:7.2 - Use Cases\;0\;1\;0xff0000ff\;\;\;;
2 StaticGroup:7.3 - Content Model\;0\;1\;0xff0000ff\;\;\;;
2 StaticGroup:7.4 - Navigation Model\;0\;1\;0xff0000ff\;\;\;;
1 StaticGroup:8 - Technische Konzeption des Systems\;0\;1\;0x800000ff\;\;\;;
2 StaticGroup:8.1 - Auswahl der Technologie und Designpattern\;0\;1\;0x800000ff\;\;\;;
2 StaticGroup:8.2 - Festlegung einer Systemarchitektur\;0\;1\;0x800000ff\;\;\;;
1 StaticGroup:9 - Implementation eines Prototyps zum Bezahl- und Tokensystem\;0\;1\;0xffff00ff\;\;\;;
1 StaticGroup:10 - Evaluation des Prototyps\;0\;1\;0x808000ff\;\;\;;
2 StaticGroup:10.1 - Nutzerbefragung zum Bezahl- und Tokensystem\;0\;1\;0x808000ff\;\;\;;
2 StaticGroup:10.2 - Auswahl eines Bezahl- und Tokensystems\;0\;1\;0x808000ff\;\;\;;
1 StaticGroup:11 - Implementation des Systems\;0\;1\;0x008000ff\;\;\;;
1 StaticGroup:12 - Nutzerevaluation des Systems\;0\;1\;0x00ff00ff\;\;\;;
2 StaticGroup:12.1 - Definition Evaluationsverfahren\;0\;1\;0x00ff00ff\;\;\;;
2 StaticGroup:12.2 - Ergebnissse der Nutzerevaluation\;0\;1\;0x00ff00ff\;\;\;;
1 StaticGroup:13 - Schluss\;0\;1\;0xffffffff\;\;\;;
2 StaticGroup:13.1 - Zusammenfassung\;0\;1\;0xffffffff\;\;\;;
2 StaticGroup:13.2 - Reflektion\;0\;1\;0xffffffff\;\;\;;
2 StaticGroup:13.3 - Beantwortung der Forschungsfrage\;0\;1\;0xffffffff\;\;\;;
2 StaticGroup:13.4 - Ausblick\;0\;1\;0xffffffff\;\;\;;
}
