@Article{Koprinska2007,
  author    = {Irena Koprinska and Josiah Poon and James Clark and Jason Chan},
  journal   = {Information Sciences},
  title     = {Learning to classify e-mail},
  year      = {2007},
  month     = {may},
  number    = {10},
  pages     = {2167--2187},
  volume    = {177},
  doi       = {10.1016/j.ins.2006.12.005},
  groups    = {6 - Recherche nach vergleichbaren Produkten und Forschungen},
  publisher = {Elsevier {BV}},
}

@Article{Thomas2006,
  author     = {Gail Fann Thomas and Cynthia L. King and Brian Baroni and Linda Cook and Marian Keitelman and Steve Miller and Adelia Wardle},
  journal    = {Journal of Business and Technical Communication},
  title      = {Reconceptualizing E-Mail Overload},
  year       = {2006},
  month      = jul,
  number     = {3},
  pages      = {252--287},
  volume     = {20},
  doi        = {10.1177/1050651906287253},
  groups     = {1.2 - Problemfeld und Folgen},
  priority   = {prio3},
  publisher  = {{SAGE} Publications},
  readstatus = {read},
}

@Article{Dawley2003,
  author     = {David D. Dawley and William P. Anthony},
  journal    = {Journal of Business and Technical Communication},
  title      = {User Perceptions of E-Mail at Work},
  year       = {2003},
  month      = apr,
  number     = {2},
  pages      = {170--200},
  volume     = {17},
  doi        = {10.1177/1050651902250947},
  groups     = {1.2 - Problemfeld und Folgen},
  priority   = {prio3},
  publisher  = {{SAGE} Publications},
  readstatus = {read},
}

@InCollection{Tregel2020,
  author     = {Thomas Tregel and Miriam Claudia Schwab and Thanh Tung Linh Nguyen and Philipp Niklas Müller and Stefan Göbel},
  booktitle  = {Serious Games},
  publisher  = {Springer International Publishing},
  title      = {Costs to Compete - Analyzing Pay to Win Aspects in Current Games},
  year       = {2020},
  pages      = {177--192},
  doi        = {10.1007/978-3-030-61814-8_14},
  groups     = {4.2 - Bezahlsysteme zur Schaffung von Vorteilen in Videospielen},
  priority   = {prio2},
  readstatus = {skimmed},
}

@Article{King2018,
  author     = {Daniel L. King and Paul H. Delfabbro},
  journal    = {International Journal of Mental Health and Addiction},
  title      = {Video Game Monetization (e.g., `Loot Boxes'): a Blueprint for Practical Social Responsibility Measures},
  year       = {2018},
  month      = {oct},
  number     = {1},
  pages      = {166--179},
  volume     = {17},
  doi        = {10.1007/s11469-018-0009-3},
  groups     = {4.2 - Bezahlsysteme zur Schaffung von Vorteilen in Videospielen, 7.1 - Auswahl von Bezahl- und Tokensystemen},
  priority   = {prio2},
  publisher  = {Springer Science and Business Media {LLC}},
  readstatus = {read},
}

@Book{Zisler2014,
  author     = {Zisler, Harald},
  publisher  = {Rheinwerk Verlag},
  title      = {Computer-Netzwerke - Grundlagen, Funktionsweise, Anwendung},
  year       = {2014},
  address    = {Bonn},
  isbn       = {978-3-836-23479-5},
  groups     = {4.1 - Standards und Technologien zum E-Mail Versand},
  priority   = {prio2},
  readstatus = {read},
}

@Book{Lagrana2016,
  author     = {Fernando Lagra{\~{n}}a},
  publisher  = {John Wiley {\&} Sons, Inc.},
  title      = {E-mail and Behavioral Changes},
  year       = {2016},
  month      = apr,
  doi        = {10.1002/9781119285106},
  groups     = {1.2 - Problemfeld und Folgen, 2 - Stakeholderanalyse},
  priority   = {prio2},
  readstatus = {read},
}

@InProceedings{Mark2016,
  author     = {Gloria Mark and Shamsi T. Iqbal and Mary Czerwinski and Paul Johns and Akane Sano and Yuliya Lutchyn},
  booktitle  = {Proceedings of the 2016 {CHI} Conference on Human Factors in Computing Systems},
  title      = {Email Duration, Batching and Self-interruption},
  year       = {2016},
  month      = may,
  publisher  = {{ACM}},
  doi        = {10.1145/2858036.2858262},
  groups     = {1.2 - Problemfeld und Folgen, 2 - Stakeholderanalyse},
  priority   = {prio2},
  readstatus = {read},
}

@Article{Kruger2005,
  author     = {Justin Kruger and Nicholas Epley and Jason Parker and Zhi-Wen Ng},
  journal    = {Journal of Personality and Social Psychology},
  title      = {Egocentrism over e-mail: Can we communicate as well as we think?},
  year       = {2005},
  number     = {6},
  pages      = {925--936},
  volume     = {89},
  doi        = {10.1037/0022-3514.89.6.925},
  groups     = {1.2 - Problemfeld und Folgen, 2 - Stakeholderanalyse},
  priority   = {prio3},
  publisher  = {American Psychological Association ({APA})},
  readstatus = {read},
  url        = {https://www.researchgate.net/publication/7378566_Egocentrism_over_e-mail_Can_we_communicate_as_well_as_we_think},
}

@InProceedings{Tang2009,
  author     = {John C. Tang and Tara Matthews and Julian Cerruti and Stephen Dill and Eric Wilcox and Jerald Schoudt and Hernan Badenes},
  booktitle  = {Proceeding of the 2009 international workshop on Intercultural collaboration - {IWIC} {\textquotesingle}09},
  title      = {Global differences in attributes of email usage},
  year       = {2009},
  publisher  = {{ACM} Press},
  doi        = {10.1145/1499224.1499252},
  groups     = {1.1 - Kontext und Domäne, 2 - Stakeholderanalyse},
  priority   = {prio3},
  readstatus = {read},
}

@InProceedings{Dabbish2005,
  author     = {Laura A. Dabbish and Robert E. Kraut and Susan Fussell and Sara Kiesler},
  booktitle  = {Proceedings of the {SIGCHI} Conference on Human Factors in Computing Systems},
  title      = {Understanding email use},
  year       = {2005},
  month      = apr,
  publisher  = {{ACM}},
  doi        = {10.1145/1054972.1055068},
  groups     = {5.2 - Anforderungen von Empfängern, 1.1 - Kontext und Domäne},
  priority   = {prio2},
  readstatus = {read},
}

@InProceedings{Sarrafzadeh2019,
  author     = {Bahareh Sarrafzadeh and Ahmed Hassan Awadallah and Milad Shokouhi},
  booktitle  = {Proceedings of the 2019 Conference on Human Information Interaction and Retrieval},
  title      = {Exploring Email Triage},
  year       = {2019},
  month      = mar,
  publisher  = {{ACM}},
  doi        = {10.1145/3295750.3298960},
  groups     = {1.1 - Kontext und Domäne, 2 - Stakeholderanalyse},
  priority   = {prio2},
  readstatus = {read},
}

@Misc{SAEU2022,
  author       = {{Statistisches Amt der Europäischen Union}},
  howpublished = {Zugriff am 06.07.2022},
  note         = {Datensatz: TIN00094},
  title        = {Personen, die das Internet zum Senden/Empfangen von E-Mails genutzt haben},
  year         = {2022},
  groups       = {1.1 - Kontext und Domäne},
  priority     = {prio3},
  readstatus   = {read},
  url          = {https://ec.europa.eu/eurostat/databrowser/view/tin00094/default/table?lang=de},
}

@InProceedings{StatistischesBundesamt2021,
  author     = {{Statistisches Bundesamt}},
  booktitle  = {Private Haushalte in der Informationsgesellschaft – Nutzung von Informations- und Kommunikationstechnologien},
  title      = {Internetaktivitäten zu privaten Zwecken},
  year       = {2021},
  month      = jan,
  pages      = {15},
  groups     = {1.1 - Kontext und Domäne},
  priority   = {prio3},
  readstatus = {read},
  url        = {https://www.destatis.de/DE/Themen/Gesellschaft-Umwelt/Einkommen-Konsum-Lebensbedingungen/IT-Nutzung/Publikationen/Downloads-IT-Nutzung/private-haushalte-ikt-2150400207004.pdf?__blob=publicationFile},
}

@Article{EuropaeischeKommission2017,
  author     = {{Europäische Kommission}},
  journal    = {Amtsblatt der Europäischen Union},
  title      = {Delegierte Verordnung (EU) 2018/389 der Kommission vom 27. November 2017 zur Ergänzung der Richtlinie (EU) 2015/2366 des Europäischen Parlaments und des Rates durch technische Regulierungsstandards für eine starke Kundenauthentifizierung und für sichere offene Standards für die Kommunikation (Text von Bedeutung für den EWR. )},
  year       = {2017},
  month      = nov,
  pages      = {23 ff.},
  volume     = {69},
  groups     = {1.1 - Kontext und Domäne},
  priority   = {prio3},
  readstatus = {read},
  url        = {https://eur-lex.europa.eu/eli/reg_del/2018/389/oj},
}

@Misc{MMG2018,
  author       = {{1\&1 Mail \& Media GmbH}},
  howpublished = {Zugriff am 06.07.2022},
  month        = feb,
  title        = {Neuer Rekord: Deutsches E-Mail-Volumen steigt auf 848 Milliarden Mails},
  year         = {2018},
  groups       = {1.1 - Kontext und Domäne},
  priority     = {prio3},
  readstatus   = {read},
  url          = {https://newsroom.gmx.net/2019/02/28/neuer-rekord-deutsches-e-mail-volumen-steigt-auf-848-milliarden-mails/},
}

@Misc{MMG2020,
  author       = {{1\&1 Mail \& Media GmbH}},
  howpublished = {Zugriff am 06.07.2022},
  month        = nov,
  title        = {Studie: E-Mail ist bevorzugter Kanal für Kommunikation mit Unternehmen},
  year         = {2020},
  groups       = {1.1 - Kontext und Domäne},
  priority     = {prio3},
  readstatus   = {read},
  url          = {https://newsroom.web.de/2020/11/26/studie2020/},
}

@InProceedings{Dabbish2006,
  author     = {Laura A. Dabbish and Robert E. Kraut},
  booktitle  = {Proceedings of the 2006 20th anniversary conference on Computer supported cooperative work - {CSCW} {\textquotesingle}06},
  title      = {Email overload at work},
  year       = {2006},
  publisher  = {{ACM} Press},
  doi        = {10.1145/1180875.1180941},
  groups     = {1.1 - Kontext und Domäne},
  priority   = {prio3},
  readstatus = {skimmed},
}

@Article{Friedman2003,
  author     = {Raymond A. Friedman and Steven C. Currall},
  journal    = {Human Relations},
  title      = {Conflict Escalation: Dispute Exacerbating Elements of E-mail Communication},
  year       = {2003},
  month      = nov,
  number     = {11},
  pages      = {1325--1347},
  volume     = {56},
  doi        = {10.1177/00187267035611003},
  groups     = {1.2 - Problemfeld und Folgen},
  priority   = {prio3},
  publisher  = {{SAGE} Publications},
  readstatus = {read},
}

@Article{Eppler2004,
  author     = {Martin J. Eppler and Jeanne Mengis},
  journal    = {The Information Society},
  title      = {The Concept of Information Overload: A Review of Literature from Organization Science, Accounting, Marketing, {MIS}, and Related Disciplines},
  year       = {2004},
  month      = nov,
  number     = {5},
  pages      = {325--344},
  volume     = {20},
  doi        = {10.1080/01972240490507974},
  groups     = {1.2 - Problemfeld und Folgen},
  priority   = {prio1},
  publisher  = {Informa {UK} Limited},
  readstatus = {skimmed},
}

@Article{Vrijkotte2000,
  author     = {Tanja G. M. Vrijkotte and Lorenz J. P. van Doornen and Eco J. C. de Geus},
  journal    = {Hypertension},
  title      = {Effects of Work Stress on Ambulatory Blood Pressure, Heart Rate, and Heart Rate Variability},
  year       = {2000},
  month      = apr,
  number     = {4},
  pages      = {880--886},
  volume     = {35},
  doi        = {10.1161/01.hyp.35.4.880},
  groups     = {1.2 - Problemfeld und Folgen},
  priority   = {prio3},
  publisher  = {Ovid Technologies (Wolters Kluwer Health)},
  readstatus = {skimmed},
}

@InProceedings{Whittaker1996,
  author     = {Steve Whittaker and Candace Sidner},
  booktitle  = {Proceedings of the {SIGCHI} conference on Human factors in computing systems common ground - {CHI} {\textquotesingle}96},
  title      = {Email overload},
  year       = {1996},
  publisher  = {{ACM} Press},
  doi        = {10.1145/238386.238530},
  groups     = {1.1 - Kontext und Domäne},
  priority   = {prio3},
  readstatus = {skimmed},
}

@TechReport{ISO2015,
  author   = {{International Organization for Standardization}},
  title    = {{Systems and software engineering — System life cycle processes}},
  year     = {2015},
  address  = {Genf},
  month    = may,
  type     = {Norm},
  groups   = {1.1 - Kontext und Domäne},
  key      = {ISO 15288},
  priority = {prio3},
  school   = {International Organization for Standardization},
  url      = {https://www.iso.org/standard/63711.html},
  volume   = {1},
}

@Book{Kurose2014,
  author     = {James F. Kurose and Keith W. Ross},
  publisher  = {Pearson Higher Education},
  title      = {Computernetzwerke: Der Top-Down-Ansatz},
  year       = {2014},
  address    = {Hallbergmoos},
  isbn       = {978-3868942378},
  month      = mar,
  volume     = {6},
  groups     = {4.1 - Standards und Technologien zum E-Mail Versand},
  priority   = {prio2},
  readstatus = {read},
}

@Article{Vleck2012,
  author     = {T. {Van Vleck}},
  journal    = {{IEEE} Annals of the History of Computing},
  title      = {Electronic Mail and Text Messaging in {CTSS}, 1965-1973},
  year       = {2012},
  month      = jan,
  number     = {1},
  pages      = {4--6},
  volume     = {34},
  doi        = {10.1109/mahc.2012.6},
  groups     = {4.1 - Standards und Technologien zum E-Mail Versand},
  priority   = {prio3},
  publisher  = {Institute of Electrical and Electronics Engineers ({IEEE})},
  readstatus = {read},
}

@Misc{Corbato1963,
  author       = {F. J. Corbato and M. M. Daggett and R. C. Daley and R. J. Creasy and J. D. Hellwig and R. H. Orenstein and L. K. Korn},
  howpublished = {The M.I.T. Computation Center},
  title        = {Compatible Time-Sharing System},
  year         = {1963},
  address      = {Cambridge, M.I.T. Press},
  groups       = {4.1 - Standards und Technologien zum E-Mail Versand},
  issuance     = {monographic},
  keywords     = {Compatible time-sharing system (Electronic computers)},
  lccn         = {63019793},
  oclc         = {1215128},
  priority     = {prio3},
  publisher    = {Massachusetts Institute of Technology},
  readstatus   = {read},
  source       = {DLC},
}

@InProceedings{Marill1966,
  author     = {Thomas Marill and Lawrence G. Roberts},
  booktitle  = {Proceedings of the November 7-10, 1966, Fall joint computer conference on AFIPS},
  title      = {Toward a cooperative network of time-shared computers},
  year       = {1966},
  publisher  = {{ACM} Press},
  doi        = {10.1145/1464291.1464336},
  groups     = {4.1 - Standards und Technologien zum E-Mail Versand},
  priority   = {prio3},
  readstatus = {read},
}

@Article{Partridge2008,
  author     = {Craig Partridge},
  journal    = {{IEEE} Annals of the History of Computing},
  title      = {The Technical Development of Internet Email},
  year       = {2008},
  month      = apr,
  number     = {2},
  pages      = {3--29},
  volume     = {30},
  doi        = {10.1109/mahc.2008.32},
  groups     = {4.1 - Standards und Technologien zum E-Mail Versand},
  priority   = {prio3},
  publisher  = {Institute of Electrical and Electronics Engineers ({IEEE})},
  readstatus = {read},
}

@TechReport{RFC5322,
  author       = {Pete Resnick},
  title        = {{Internet Message Format}},
  year         = {2008},
  month        = oct,
  number       = {5322},
  doi          = {10.17487/RFC5322},
  groups       = {4.1 - Standards und Technologien zum E-Mail Versand},
  howpublished = {RFC 5322},
  pagetotal    = {57},
  priority     = {prio1},
  publisher    = {RFC Editor},
  readstatus   = {skimmed},
  series       = {Request for Comments},
}

@TechReport{RFC5321,
  author       = {Dr. John Klensin},
  title        = {{Simple Mail Transfer Protocol}},
  year         = {2008},
  month        = oct,
  number       = {5321},
  doi          = {10.17487/RFC5321},
  groups       = {4.1 - Standards und Technologien zum E-Mail Versand},
  howpublished = {RFC 5321},
  pagetotal    = {95},
  priority     = {prio1},
  publisher    = {RFC Editor},
  readstatus   = {skimmed},
  series       = {Request for Comments},
}

@TechReport{RFC4122,
  author       = {Paul Leach and Michael Mealling and Rich Salz},
  title        = {{A Universally Unique IDentifier (UUID) URN Namespace}},
  year         = {2005},
  month        = jul,
  number       = {4122},
  doi          = {10.17487/RFC4122},
  groups       = {8.2 - Festlegung einer Systemarchitektur},
  howpublished = {RFC 4122},
  pagetotal    = {31},
  priority     = {prio1},
  publisher    = {RFC Editor},
  readstatus   = {skimmed},
  series       = {Request for Comments},
}

@TechReport{RFC821,
  author       = {Jonathan Postel},
  title        = {{Simple Mail Transfer Protocol}},
  year         = {1982},
  month        = aug,
  number       = {821},
  doi          = {10.17487/rfc0821},
  groups       = {4.1 - Standards und Technologien zum E-Mail Versand},
  howpublished = {RFC 821},
  pagetotal    = {67},
  priority     = {prio1},
  publisher    = {RFC Editor},
  readstatus   = {skimmed},
  series       = {Request for Comments},
}

@TechReport{RFC385,
  author       = {Abhay Bhushan},
  title        = {{Comments on the File Transfer Protocol}},
  year         = {1972},
  month        = aug,
  number       = {385},
  doi          = {10.17487/rfc0385},
  groups       = {4.1 - Standards und Technologien zum E-Mail Versand},
  howpublished = {RFC 385},
  pagetotal    = {5},
  priority     = {prio2},
  publisher    = {RFC Editor},
  readstatus   = {skimmed},
  series       = {Request for Comments},
}

@TechReport{RFC2142,
  author       = {David Crocker},
  title        = {{Mailbox Names for Common Services, Roles and Functions}},
  year         = {1997},
  month        = may,
  number       = {2142},
  doi          = {10.17487/rfc2142},
  groups       = {4.1 - Standards und Technologien zum E-Mail Versand},
  howpublished = {RFC 2142},
  pagetotal    = {6},
  priority     = {prio1},
  publisher    = {RFC Editor},
  readstatus   = {skimmed},
  series       = {Request for Comments},
}

@TechReport{RFC822,
  author       = {David Crocker},
  title        = {{Comments on the File Transfer Protocol}},
  year         = {1972},
  month        = aug,
  number       = {822},
  doi          = {10.17487/rfc0822},
  groups       = {4.1 - Standards und Technologien zum E-Mail Versand},
  howpublished = {RFC 822},
  pagetotal    = {42},
  priority     = {prio2},
  publisher    = {RFC Editor},
  readstatus   = {skimmed},
  series       = {Request for Comments},
}

@TechReport{RFC1939,
  author       = {John Myers},
  title        = {{Post Office Protocol - Version 3}},
  year         = {1996},
  month        = may,
  number       = {1939},
  doi          = {10.17487/rfc1939},
  groups       = {4.1 - Standards und Technologien zum E-Mail Versand},
  howpublished = {RFC 1939},
  pagetotal    = {22},
  priority     = {prio1},
  publisher    = {RFC Editor},
  readstatus   = {skimmed},
  series       = {Request for Comments},
}

@TechReport{RFC3501,
  author       = {Mark Crispin},
  title        = {{Internet Message Access Protocol - Version 4rev1}},
  year         = {2003},
  month        = mar,
  number       = {3501},
  doi          = {10.17487/rfc3501},
  groups       = {4.1 - Standards und Technologien zum E-Mail Versand},
  howpublished = {RFC 3501},
  pagetotal    = {107},
  priority     = {prio1},
  publisher    = {RFC Editor},
  readstatus   = {skimmed},
  series       = {Request for Comments},
}

@TechReport{RFC2045,
  author       = {Ned Freed and Nathaniel Borenstein},
  title        = {{ Multipurpose Internet Mail Extensions (MIME) Part One: Format of Internet Message Bodies}},
  year         = {1996},
  month        = nov,
  number       = {2045},
  doi          = {10.17487/rfc2045},
  groups       = {4.1 - Standards und Technologien zum E-Mail Versand},
  howpublished = {RFC 2045},
  pagetotal    = {30},
  priority     = {prio1},
  publisher    = {RFC Editor},
  readstatus   = {skimmed},
  series       = {Request for Comments},
}

@TechReport{RFC2046,
  author       = {Ned Freed and Nathaniel Borenstein},
  title        = {{ Multipurpose Internet Mail Extensions (MIME) Part Two: Media Types}},
  year         = {1996},
  month        = nov,
  number       = {2046},
  doi          = {10.17487/rfc2046},
  groups       = {4.1 - Standards und Technologien zum E-Mail Versand},
  howpublished = {RFC 2046},
  pagetotal    = {43},
  priority     = {prio1},
  publisher    = {RFC Editor},
  readstatus   = {skimmed},
  series       = {Request for Comments},
}

@TechReport{RFC3461,
  author       = {Keith Moore},
  title        = {{Simple Mail Transfer Protocol (SMTP) Service Extension for Delivery Status Notifications (DSNs)}},
  year         = {2003},
  month        = jan,
  number       = {3461},
  doi          = {10.17487/rfc3461},
  groups       = {4.1 - Standards und Technologien zum E-Mail Versand},
  howpublished = {RFC 3461},
  pagetotal    = {37},
  priority     = {prio1},
  publisher    = {RFC Editor},
  readstatus   = {skimmed},
  series       = {Request for Comments},
}

@TechReport{RFC3463,
  author       = {Gregory Vaudreuil},
  title        = {{Enhanced Mail System Status Codes}},
  year         = {2003},
  month        = jan,
  number       = {3463},
  doi          = {10.17487/rfc3463},
  groups       = {4.1 - Standards und Technologien zum E-Mail Versand},
  howpublished = {RFC 3463},
  pagetotal    = {15},
  priority     = {prio2},
  publisher    = {RFC Editor},
  readstatus   = {skimmed},
  series       = {Request for Comments},
}

@TechReport{RFC8098,
  author       = {Tony Hansen and Alexey Melnikov},
  title        = {{Message Disposition Notification}},
  year         = {2017},
  month        = feb,
  number       = {8098},
  doi          = {10.17487/rfc8098},
  groups       = {4.1 - Standards und Technologien zum E-Mail Versand},
  howpublished = {RFC 8098},
  pagetotal    = {36},
  priority     = {prio2},
  publisher    = {RFC Editor},
  readstatus   = {skimmed},
  series       = {Request for Comments},
}

@TechReport{RFC3503,
  author       = {Alexey Melnikov},
  title        = {{Message Disposition Notification (MDN) profile for Internet Message Access Protocol (IMAP)}},
  year         = {2003},
  month        = mar,
  number       = {3503},
  doi          = {10.17487/rfc3503},
  groups       = {4.1 - Standards und Technologien zum E-Mail Versand},
  howpublished = {RFC 3503},
  pagetotal    = {8},
  priority     = {prio1},
  publisher    = {RFC Editor},
  readstatus   = {skimmed},
  series       = {Request for Comments},
}

@TechReport{RFC8446,
  author       = {Eric Rescorla},
  title        = {{The Transport Layer Security (TLS) Protocol Version 1.3}},
  year         = {2018},
  month        = aug,
  number       = {8446},
  doi          = {10.17487/rfc8446},
  groups       = {4.1 - Standards und Technologien zum E-Mail Versand},
  howpublished = {RFC 8446},
  pagetotal    = {159},
  priority     = {prio2},
  publisher    = {RFC Editor},
  readstatus   = {skimmed},
  series       = {Request for Comments},
}

@TechReport{RFC8551,
  author       = {Jim Schaad and Blake C. Ramsdell and Sean Turner},
  title        = {{Secure/Multipurpose Internet Mail Extensions (S/MIME) Version 4.0 Message Specification}},
  year         = {2019},
  month        = apr,
  number       = {8551},
  doi          = {10.17487/rfc8551},
  groups       = {4.1 - Standards und Technologien zum E-Mail Versand},
  howpublished = {RFC 8551},
  pagetotal    = {62},
  priority     = {prio1},
  publisher    = {RFC Editor},
  readstatus   = {skimmed},
  series       = {Request for Comments},
}

@Book{Kappes2013,
  author     = {Kappes, Martin},
  publisher  = {Springer-Verlag},
  title      = {Netzwerk- und Datensicherheit - Eine praktische Einführung},
  year       = {2013},
  address    = {Berlin Heidelberg New York},
  edition    = {2},
  isbn       = {978-3-8348-0636-9},
  groups     = {4.1 - Standards und Technologien zum E-Mail Versand},
  priority   = {prio3},
  readstatus = {read},
}

@Article{Tomic2019,
  author     = {Nenad Zoran Tomi{\'{c}}},
  journal    = {Journal of Economic Science Research},
  title      = {Economic model of microtransactions in video games},
  year       = {2019},
  month      = {jan},
  number     = {1},
  volume     = {1},
  doi        = {10.30564/jesr.v1i1.439},
  groups     = {4.2 - Bezahlsysteme zur Schaffung von Vorteilen in Videospielen},
  priority   = {prio2},
  publisher  = {Bilingual Publishing Co.},
  readstatus = {read},
}

@InCollection{Reza2019,
  author     = {Alia Reza and Sabrina Chu and Zuaira Khan and Adanna Nedd and Amy Castillo and Daniel Gardner},
  booktitle  = {Information in Contemporary Society},
  publisher  = {Springer International Publishing},
  title      = {Skins for Sale: Linking Player Identity, Representation, and Purchasing Practices},
  year       = {2019},
  pages      = {124--131},
  doi        = {10.1007/978-3-030-15742-5_11},
  groups     = {4.2 - Bezahlsysteme zur Schaffung von Vorteilen in Videospielen},
  priority   = {prio3},
  readstatus = {skimmed},
}

@InProceedings{Alha2014,
  author     = {Kati Alha and Elina Koskinen and Janne Paavilainen and Juho Hamari and Jani Kinnunen},
  booktitle  = {Proceedings of Nordic DiGRA 2014},
  title      = {Frre-to-Play Games: Professionals' Perspectives},
  year       = {2014},
  address    = {Tampere},
  groups     = {4.2 - Bezahlsysteme zur Schaffung von Vorteilen in Videospielen},
  priority   = {prio2},
  readstatus = {read},
}

@Article{Drummond2018,
  author     = {Aaron Drummond and James D. Sauer},
  journal    = {Nature Human Behaviour},
  title      = {Video game loot boxes are psychologically akin to gambling},
  year       = {2018},
  month      = {jun},
  number     = {8},
  pages      = {530--532},
  volume     = {2},
  doi        = {10.1038/s41562-018-0360-1},
  groups     = {4.2 - Bezahlsysteme zur Schaffung von Vorteilen in Videospielen},
  priority   = {prio2},
  publisher  = {Springer Science and Business Media {LLC}},
  readstatus = {skimmed},
}

@Article{Nielsen2019,
  author     = {Rune Kristian Lundedal Nielsen and Pawe{\l} Grabarczyk},
  journal    = {Transactions of the Digital Games Research Association},
  title      = {Are Loot Boxes Gambling? Random Reward Mechanisms in Video Games},
  year       = {2019},
  month      = {oct},
  number     = {3},
  volume     = {4},
  doi        = {10.26503/todigra.v4i3.104},
  groups     = {4.2 - Bezahlsysteme zur Schaffung von Vorteilen in Videospielen},
  priority   = {prio2},
  publisher  = {Digital Games Research Association},
  readstatus = {skimmed},
}

@Article{Zendle2018,
  author     = {David Zendle and Paul Cairns},
  journal    = {{PLOS} {ONE}},
  title      = {Video game loot boxes are linked to problem gambling: Results of a large-scale survey},
  year       = {2018},
  month      = {nov},
  number     = {11},
  pages      = {e0206767},
  volume     = {13},
  doi        = {10.1371/journal.pone.0206767},
  editor     = {George Joseph Youssef},
  groups     = {4.2 - Bezahlsysteme zur Schaffung von Vorteilen in Videospielen},
  priority   = {prio2},
  publisher  = {Public Library of Science ({PLoS})},
  readstatus = {skimmed},
}

@Article{Zendle2020,
  author     = {David Zendle},
  title      = {How do loot boxes make money? An analysis of a very large dataset of real Chinese {CSGO} loot box openings},
  year       = {2020},
  month      = {oct},
  doi        = {10.31234/osf.io/5k2sy},
  groups     = {4.2 - Bezahlsysteme zur Schaffung von Vorteilen in Videospielen},
  priority   = {prio2},
  publisher  = {Center for Open Science},
  readstatus = {skimmed},
}

@Article{Close2021,
  author     = {James Close and Stuart Gordon Spicer and Laura Louise Nicklin and Maria Uther and Joanne Lloyd and Helen Lloyd},
  journal    = {Addictive Behaviors},
  title      = {Secondary analysis of loot box data: Are high-spending {\textquotedblleft}whales{\textquotedblright} wealthy gamers or problem gamblers?},
  year       = {2021},
  month      = {jun},
  pages      = {106851},
  volume     = {117},
  doi        = {10.1016/j.addbeh.2021.106851},
  groups     = {4.2 - Bezahlsysteme zur Schaffung von Vorteilen in Videospielen},
  priority   = {prio3},
  publisher  = {Elsevier {BV}},
  readstatus = {skimmed},
}

@Article{King2018a,
  author     = {Daniel L. King and Paul H. Delfabbro},
  journal    = {Addiction},
  title      = {Predatory monetization schemes in video games (e.g. `loot boxes') and internet gaming disorder},
  year       = {2018},
  month      = {jun},
  number     = {11},
  pages      = {1967--1969},
  volume     = {113},
  doi        = {10.1111/add.14286},
  groups     = {4.2 - Bezahlsysteme zur Schaffung von Vorteilen in Videospielen},
  priority   = {prio3},
  publisher  = {Wiley},
  readstatus = {skimmed},
}

@Article{Xiao2021,
  author     = {Leon Y. Xiao and Philip Warren Stirling Newall},
  title      = {Probability disclosures are not enough: Reducing loot box reward complexity as a part of ethical video game design},
  year       = {2021},
  month      = {apr},
  doi        = {10.31234/osf.io/nuksd},
  groups     = {4.2 - Bezahlsysteme zur Schaffung von Vorteilen in Videospielen},
  priority   = {prio3},
  publisher  = {Center for Open Science},
  readstatus = {skimmed},
}

@Misc{Akerman2019,
  author       = {Nick Akerman},
  howpublished = {Zugriff am 03.08.2022},
  month        = may,
  title        = {Is It Too Expensive to Be Good at FIFA?},
  year         = {2019},
  groups       = {4.2 - Bezahlsysteme zur Schaffung von Vorteilen in Videospielen},
  url          = {https://bleacherreport.com/articles/2836528-is-it-too-expensive-to-be-good-at-fifa},
}

@Misc{Takahashi2014,
  author       = {Dean Takahashi},
  howpublished = {Zugriff am: 03.08.2022},
  month        = feb,
  title        = {Only 0.15 percent of mobile gamers account for 50 percent of all in-game revenue (exclusive)},
  year         = {2014},
  groups       = {4.2 - Bezahlsysteme zur Schaffung von Vorteilen in Videospielen},
  url          = {https://venturebeat.com/2014/02/26/only-0-15-of-mobile-gamers-account-for-50-percent-of-all-in-game-revenue-exclusive/},
}

@Book{Cohn2004,
  author    = {Cohn, Mike},
  publisher = {Addison-Wesley Professional},
  title     = {User Stories Applied - For Agile Software Development},
  year      = {2004},
  address   = {Boston},
  edition   = {First},
  isbn      = {978-0-321-20568-1},
  groups    = {5 - Definition von Nutzeranforderungen},
}

@Booklet{Turner2003,
  title        = {Payment-Based Email},
  address      = {San Bernadino},
  author       = {David A. Turner and Ni Deng},
  howpublished = {California State University},
  month        = dec,
  year         = {2003},
  doi          = {10.1.1.5.2299},
  groups       = {6 - Recherche nach vergleichbaren Produkten und Forschungen},
  priority     = {prio1},
  readstatus   = {read},
}

@Misc{jiramail,
  author       = {{Atlassian}},
  howpublished = {Zugriff am 07.08.2022},
  title        = {So optimiert ein Servicedesk den E-Mail-Support},
  year         = {2022},
  groups       = {6 - Recherche nach vergleichbaren Produkten und Forschungen},
  priority     = {prio3},
  readstatus   = {read},
  url          = {https://www.atlassian.com/de/itsm/service-request-management/transitioning-from-email-support},
}

@Article{Breiman2001,
  author    = {Leo Breiman},
  journal   = {Machine Learning},
  title     = {Random forests},
  year      = {2001},
  number    = {1},
  pages     = {5--32},
  volume    = {45},
  doi       = {10.1023/a:1010933404324},
  groups    = {6 - Recherche nach vergleichbaren Produkten und Forschungen},
  publisher = {Springer Science and Business Media {LLC}},
}

@Misc{OpenJSFoundation2022,
  author       = {{OpenJS Foundation}},
  howpublished = {Zugriff am 16.08.2022},
  month        = aug,
  title        = {About Node.js®},
  year         = {2022},
  groups       = {8.1 - Auswahl der Technologie und Designpattern},
  priority     = {prio2},
  readstatus   = {read},
  url          = {https://newsroom.gmx.net/2019/02/28/neuer-rekord-deutsches-e-mail-volumen-steigt-auf-848-milliarden-mails/},
}

@Misc{Otwell2022,
  author       = {Taylor Otwell},
  howpublished = {Zugriff am 19.08.2022},
  month        = aug,
  title        = {Laravel - Installation},
  year         = {2022},
  groups       = {8.1 - Auswahl der Technologie und Designpattern},
  priority     = {prio2},
  readstatus   = {read},
  url          = {https://laravel.com/docs/9.x/installation},
}

@Misc{Hansson2022a,
  author       = {David Heinemeier Hansson},
  howpublished = {Zugriff am 20.08.2022},
  month        = aug,
  title        = {Getting Started with Rails},
  year         = {2022},
  groups       = {8.1 - Auswahl der Technologie und Designpattern},
  priority     = {prio2},
  readstatus   = {read},
  url          = {https://guides.rubyonrails.org/getting_started.html},
}

@Misc{Hansson2022,
  author       = {David Heinemeier Hansson},
  howpublished = {Zugriff am 20.08.2022},
  month        = aug,
  title        = {Securing Rails Applications},
  year         = {2022},
  groups       = {8.1 - Auswahl der Technologie und Designpattern},
  priority     = {prio3},
  readstatus   = {read},
  url          = {https://guides.rubyonrails.org/security.html},
}

@Misc{GitHub2022,
  author       = {GitHub, Inc.},
  howpublished = {Zugriff am 10.09.2022},
  month        = sep,
  title        = {GitHub Actions Documentation},
  year         = {2022},
  groups       = {9 - Implementation eines Prototyps zum Bezahl- und Tokensystem},
  url          = {https://docs.github.com/en/actions},
}

@Misc{DigitalOcean2022,
  author       = {DigitalOcean, LLC},
  howpublished = {Zugriff am 10.09.2022},
  month        = sep,
  title        = {DigitalOcean App Platform},
  year         = {2022},
  groups       = {9 - Implementation eines Prototyps zum Bezahl- und Tokensystem},
  url          = {https://www.digitalocean.com/products/app-platform},
}

@Misc{Batsov2022,
  author       = {Bozhidar Batsov},
  howpublished = {Zugriff am 10.09.2022},
  month        = sep,
  title        = {About RuboCop},
  year         = {2022},
  groups       = {9 - Implementation eines Prototyps zum Bezahl- und Tokensystem},
  url          = {https://rubocop.org/},
}

@Misc{Twitter2022,
  author       = {Twitter, Inc.},
  howpublished = {Zugriff am 10.09.2022},
  month        = sep,
  title        = {Bootstrap - The most popular HTML, CSS and JS library in the world},
  year         = {2022},
  groups       = {9 - Implementation eines Prototyps zum Bezahl- und Tokensystem},
  url          = {https://getbootstrap.com/},
}

@InProceedings{StatistischesBundesamt2018,
  author    = {{Statistisches Bundesamt}},
  booktitle = {Einkommens- und Verbrauchsstichprobe},
  title     = {Einnahmen und Ausgaben privater Haushalte},
  year      = {2018},
  month     = apr,
  pages     = {25 - 26},
  groups    = {10.2 - Auswahl eines Bezahl- und Tokensystems},
  url       = {https://www.destatis.de/DE/Themen/Gesellschaft-Umwelt/Einkommen-Konsum-Lebensbedingungen/Einkommen-Einnahmen-Ausgaben/Publikationen/Downloads-Einkommen/evs-einnahmen-ausgaben-privater-haushalte-2152604189004.pdf?__blob=publicationFile},
}

@TechReport{ISO9241-110,
  author      = {{ISO 9241-110}},
  institution = {International Organization for Standardization},
  title       = {{Ergonomics of human-system interaction - Part 110: Dialogue principles}},
  year        = {2009},
  address     = {Genf, CH},
  month       = sep,
  type        = {Norm},
  groups      = {11 - Implementation des Systems},
  key         = {ISO 9241-110},
  volume      = {2006},
}

@Comment{jabref-meta: databaseType:bibtex;}

@Comment{jabref-meta: grouping:
0 AllEntriesGroup:;
1 StaticGroup:1 - Einleitung\;0\;1\;0x00ffffff\;\;\;;
2 StaticGroup:1.1 - Kontext und Domäne\;0\;0\;0x00ffffff\;\;\;;
2 StaticGroup:1.2 - Problemfeld und Folgen\;0\;0\;0x00ffffff\;\;\;;
2 StaticGroup:1.3 - Forschungsfrage\;0\;1\;0x00ffffff\;\;\;;
2 StaticGroup:1.4 - Vorgehensweise\;0\;1\;0x00ffffff\;\;\;;
1 StaticGroup:2 - Stakeholderanalyse\;0\;0\;0x008080ff\;\;\;;
1 StaticGroup:3 - Formulierung der Zielhierarchie\;0\;1\;0x0000ffff\;\;\;;
1 StaticGroup:4 - Grundlagen\;0\;1\;0x000080ff\;\;\;;
2 StaticGroup:4.1 - Standards und Technologien zum E-Mail Versand\;0\;0\;0x000080ff\;\;\;;
2 StaticGroup:4.2 - Bezahlsysteme zur Schaffung von Vorteilen in Videospielen\;0\;1\;0x000080ff\;\;\;;
1 StaticGroup:5 - Definition von Nutzeranforderungen\;0\;1\;0xff00ffff\;\;\;;
2 StaticGroup:5.1 - Anforderungen von Absendern\;0\;1\;0xff00ffff\;\;\;;
2 StaticGroup:5.2 - Anforderungen von Empfängern\;0\;1\;0xff00ffff\;\;\;;
1 StaticGroup:6 - Recherche nach vergleichbaren Produkten und Forschungen\;0\;1\;0x800080ff\;\;\;;
1 StaticGroup:7 - Inhaltliche Konzeption des Systems\;0\;1\;0xff0000ff\;\;\;;
2 StaticGroup:7.1 - Auswahl von Bezahl- und Tokensystemen\;0\;1\;0xff0000ff\;\;\;;
2 StaticGroup:7.2 - Use Cases\;0\;1\;0xff0000ff\;\;\;;
2 StaticGroup:7.3 - Content Model\;0\;1\;0xff0000ff\;\;\;;
2 StaticGroup:7.4 - Navigation Model\;0\;1\;0xff0000ff\;\;\;;
1 StaticGroup:8 - Technische Konzeption des Systems\;0\;1\;0x800000ff\;\;\;;
2 StaticGroup:8.1 - Auswahl der Technologie und Designpattern\;0\;1\;0x800000ff\;\;\;;
2 StaticGroup:8.2 - Festlegung einer Systemarchitektur\;0\;1\;0x800000ff\;\;\;;
1 StaticGroup:9 - Implementation eines Prototyps zum Bezahl- und Tokensystem\;0\;1\;0xffff00ff\;\;\;;
1 StaticGroup:10 - Evaluation des Prototyps\;0\;1\;0x808000ff\;\;\;;
2 StaticGroup:10.1 - Nutzerbefragung zum Bezahl- und Tokensystem\;0\;1\;0x808000ff\;\;\;;
2 StaticGroup:10.2 - Auswahl eines Bezahl- und Tokensystems\;0\;1\;0x808000ff\;\;\;;
1 StaticGroup:11 - Implementation des Systems\;0\;1\;0x008000ff\;\;\;;
1 StaticGroup:12 - Nutzerevaluation des Systems\;0\;1\;0x00ff00ff\;\;\;;
2 StaticGroup:12.1 - Definition Evaluationsverfahren\;0\;1\;0x00ff00ff\;\;\;;
2 StaticGroup:12.2 - Ergebnissse der Nutzerevaluation\;0\;1\;0x00ff00ff\;\;\;;
1 StaticGroup:13 - Schluss\;0\;1\;0xffffffff\;\;\;;
2 StaticGroup:13.1 - Zusammenfassung\;0\;1\;0xffffffff\;\;\;;
2 StaticGroup:13.2 - Reflektion\;0\;1\;0xffffffff\;\;\;;
2 StaticGroup:13.3 - Beantwortung der Forschungsfrage\;0\;1\;0xffffffff\;\;\;;
2 StaticGroup:13.4 - Ausblick\;0\;1\;0xffffffff\;\;\;;
}